@inproceedings{IEC11313,
    author={Maslar, M.},
    booktitle={Conference Record of 1996 Annual Pulp and Paper Industry Technical Conference}, 
    title={PLC standard programming languages: IEC 1131-3}, 
    year={1996},
    pages={26-31},
    doi={10.1109/PAPCON.1996.535979}
}

@techreport{IEC611313,
  title = {{IEC} 61131-3: Programmable Controllers - Part 3: Programming Languages},
  author = "{International Electrotechnical Commission}",
  year = {2013},
  institution = "International Electrotechnical Commission",
  number = {61131-3},
  address = {Geneva, Switzerland}
}

@InProceedings{ResetNetsBetweenDecidabilityAndUndecidability,
    author={Dufourd, C. and Finkel, A. and Schnoebelen, Ph.},
    editor={Larsen, Kim G. and Skyum, Sven and Winskel, Glynn},
    title={Reset nets between decidability and undecidability},
    booktitle={Automata, Languages and Programming},
    year={1998},
    publisher={Springer Berlin Heidelberg},
    address={Berlin, Heidelberg},
    pages={103--115},
    abstract={We study Petri nets with Reset arcs (also Transfer and Doubling arcs) in combination with other extensions of the basic Petri net model. While Reachability is undecidable in all these extensions (indeed they are Turing-powerful), we exhibit unexpected frontiers for the decidability of Termination, Coverability, Boundedness and place-Boundedness. In particular, we show counter-intuitive separations between seemingly related problems. Our main theorem is the very surprising fact that boundedness is undecidable for Petri nets with Reset arcs.},
    isbn={978-3-540-68681-1}
}

@book{petrinetmodeling,
    author    = {MengChu Zhou and Branislav Hrúz},
    title     = {Modeling and Control of Discrete-event Dynamic Systems},
    publisher = {Springer London},
    edition   = {1},
    year      = {2007},
    ISBN      = {978-1-84628-872-2}
}

@online{pthreads,
    organization = {Linux foundation},
    year = {2021},
    title = {pthreads(7) — Linux manual page},
    url = {https://man7.org/linux/man-pages/man7/pthreads.7.html},
    urlaccessdate = {20 jun. 2023}
}

@online{timedpetrinets,
    organization = {ISO},
    year = {2000},
    title = {High-level Petri Nets - Concepts, Definitions and Graphical Notation},
    url = {http://www.petrinets.info/docs/pnstd-4.7.1.pdf},
    urlaccessdate = {20 jun. 2023}
}

@online{highlevelpetrinets,
    organization = {ISO},
    year = {2000},
    title = {High-level Petri Nets - Concepts, Definitions and Graphical Notation},
    url = {http://www.petrinets.info/docs/pnstd-4.7.1.pdf},
    urlaccessdate = {20 jun. 2023}
}

@online{stochasticpetrinets,
    author = {Jane Hillston},
    year = {2009},
    title = {Stochastic Petri Nets},
    url = {https://www.inf.ed.ac.uk/teaching/courses/pm/handouts/stochasticpetrinets.pdf},
    urlaccessdate = {20 jun. 2023}
}

@book{coloredpetrinets,
    author    = {Kurt Jensen},
    title     = {Coloured Petri Nets : Basic Concepts, Analysis Methods and Practical Use},
    publisher = {Springer Berlin Heidelberg},
    edition   = {2},
    year      = {1997},
    ISBN      = {3-540-60943-1}
}

@online{wegtpw04,
    organization = {WEG},
    year = {2015},
    title = {Série TPW-04 - Manual de Programação},
    url = {https://static.weg.net/medias/downloadcenter/hd8/h4d/WEG-controlador-logico-programavel-tpw04-manual-de-programacao-10003853205-manual-portugues-br.pdf},
    urlaccessdate = {17 jun. 2023}
}

@online{crc32,
    organization = {GNU},
    year = {2012},
    title = {libiberty - CRC32},
    url = {https://github.com/gcc-mirror/gcc/blob/master/libiberty/crc32.c},
    urlaccessdate = {17 jun. 2023}
}

@techreport{carlpetri,
    author             = {Petri, Carl Adam},
    address            = {Bonn},
    organization        = {Rheinisch-Westf{\"a}lisches Institut f{\"u}r Instrumentelle Mathematik an der Universit{\"a}t Bonn},
    publisher          = {Rheinisch-Westf{\"a}lisches Institut f{\"u}r Instrumentelle Mathematik an der Universit{\"a}t Bonn},
    number             = {2},
    title              = {{Kommunikation mit Automaten}},
    type               = {Dissertation, Schriften des IIM},
    year               = 1962
}

@online{github-pnet,
    author = {João Peterson},
    year = {2023},
    title = {pnet - a petri net library for C/C++},
    url = {https://github.com/Joao-Peterson/pnet},
    urlaccessdate = {17 jun. 2023}
}

@online{github-pnet-dart,
    author = {João Peterson},
    year = {2023},
    title = {pnet dart},
    url = {https://github.com/Joao-Peterson/pnet_dart},
    urlaccessdate = {17 jun. 2023}
}

@online{github-petricad,
    author = {João Peterson},
    year = {2023},
    title = {Petricad},
    url = {https://github.com/Joao-Peterson/petricad},
    urlaccessdate = {17 jun. 2023}
}

@online{mit-license,
    organization = {MIT},
    year = {2023},
    title = {MIT License},
    url = {https://mit-license.org},
    urlaccessdate = {17 jun. 2023}
}

@online{github,
    organization = {Github},
    year = {2023},
    title = {Github},
    url = {https://github.com},
    urlaccessdate = {17 jun. 2023}
}

@online{flutter,
    organization = {Flutter},
    year = {2023},
    title = {Flutter documentation},
    url = {https://docs.flutter.dev},
    urlaccessdate = {17 jun. 2023}
}

@online{posix,
    organization = {IEEE},
    year = {2023},
    title = {POSIX},
    url = {http://get.posixcertified.ieee.org},
    urlaccessdate = {17 jun. 2023}
}

@online{gnu,
    organization = {GNU},
    year = {2023},
    title = {GNU is not Unix},
    url = {https://www.gnu.org},
    urlaccessdate = {17 jun. 2023}
}

@online{vscode,
    organization = {Visual Studio Code},
    year = {2022},
    title = {Visual Studio Code},
    url = {https://code.visualstudio.com},
    urlaccessdate = {8 dez. 2022}
}

@online{writer,
    organization = {Libreoffice},
    year = {2022},
    title = {Writer},
    url = {https://www.libreoffice.org/discover/writer/},
    urlaccessdate = {8 dez. 2022}
}

@online{latex,
    organization = {Latex},
    year = {2022},
    title = {The Latex project},
    url = {https://www.latex-project.org},
    urlaccessdate = {8 dez. 2022}
}

@book{abnt6023,
	author = {ABNT},
	title = {NBR 6023},
	subtitle = {informa{\c{c}}{\~a}o e documenta{\c{c}}{\~a}o: refer{\^e}ncias: elabora{\c{c}}{\~a}o.},
	year = {2013},
    address = {Rio de janeiro}
}

@book{abnt6024,
	author = {ABNT},
	title = {NBR 6024},
	subtitle = {numera{\c{c}}{\~a}o progressiva das se{\c{c}}{\~o}es de um documento escrito: apresenta{\c{c}}{\~a}o  informa{\c{c}}{\~a}o e documenta{\c{c}}{\~a}o: refer{\^e}ncias: elabora{\c{c}}{\~a}o.},
	year = {2012},
    address = {Rio de janeiro}
}


@book{abnt14724,
	author = {ABNT},
	title = {NBR 14724},
	subtitle = {informa{\c{c}}{\~a}o e documenta{\c{c}}{\~a}o:trabalhos acad{\^e}micos:apresenta{\c{c}}{\~a}o},
	Year = {2012},
    address = {Rio de janeiro}
}

@book{SIBI,
	author = {{SISTEMA INTEGRADO DE BIBLIOTECAS DO IFC}},
	title = {Guia para elabora{\c{c}}{\~a}o de produ{\c{c}}{\~o}es acad{\^e}micas},
	publisher = {Instituto Federal Catarinense},
	year = {2021},
	volume = {3. ed.},
}

@article{petrinetTuringComplete,
  author={Zaitsev, Dmitry A.},
  journal={IEEE Transactions on Systems, Man, and Cybernetics: Systems}, 
  title={Toward the Minimal Universal Petri Net}, 
  year={2014},
  volume={44},
  number={1},
  pages={47-58},
  doi={10.1109/TSMC.2012.2237549}
}


@comment rede de petri
@comment http://www.scholarpedia.org/article/Petri_net
@online{scholarpedia2011,
    title = {Petri Net},
    author = {Izhikevich, Eugene M.},
    year = {2011},
    url = {http://www.scholarpedia.org/article/Petri_net},
}


@comment petrilab paper
@phdthesis{de2015petrilab,
    title = {Petrilab: Uma plataforma para simula{\c{c}}{\~a}o e gera{\c{c}}{\~a}o de diagramas ladder de controladores a eventos discretos modelados por redes de petri},
    author = {de Souza, Anderson Linhares},
    year = {2015},
    school = {Departamento de Engenharia El{\'e}trica da Escola Polit{\'e}cnica, Universidade},
}

@comment citado pelo petrilab
@article{6621049,
    author = {Moreira, Marcos Vicente and Basilio, João Carlos},
    journal = {IEEE Transactions on Automation Science and Engineering},
    title = {Bridging the Gap Between Design and Implementation of
             Discrete-Event Controllers},
    year = {2014},
    volume = {11},
    number = {1},
    pages = {48-65},
    doi = {10.1109/TASE.2013.2281733},
}

@comment meta estudo sobre pesquisas de aplicação de redes de petri para solução de alguns problemas 
@inproceedings{kaid2015applications,
    title = {Applications of Petri nets based models in manufacturing systems: A
             review},
    author = {Kaid, Husam and El-Tamimi, Abdulaziz M and Nasr, Emad Abouel and
              Al-Ahmari, Abdulrahman},
    booktitle = {Proceedings of the International Conference on Operations
                 Excellence \& Service Engineering, Orlando, FL},
    pages = {516--28},
    year = {2015},
}

@comment redes de petri duais (aninhamento de redes de petri)
@comment https://en.wikipedia.org/wiki/Dualistic_Petri_nets
@inproceedings{973505,
    author = {Dawis, E.P. and Dawis, J.F. and Wei Pin Koo},
    booktitle = {2001 IEEE International Conference on Systems, Man and
                 Cybernetics. e-Systems and e-Man for Cybernetics in Cyberspace (
                 Cat.No.01CH37236)},
    title = {Architecture of computer-based systems using dualistic Petri nets},
    year = {2001},
    volume = {3},
    number = {},
    pages = {1554-1558 vol.3},
    doi = {10.1109/ICSMC.2001.973505},
}

@comment redes de petri hierárquicas
@inproceedings{inproceedings,
    author = {Zhao, Xinlei and Choi, Yongsun},
    year = {2004},
    month = {01},
    pages = {117-121},
    title = {Hierarchical Structuring of a Workflow Model in Petri-Net.},
}

@comment análise de uma metodologia de prevenção de deadlock, com análise de alcançabilidade
@article{more2017analysis,
    title = {Analysis of flexible manufacturing system using Petri nets to
             design a deadlock avoidance policy},
    author = {More, MS and Bhatwadekar, SG and Ambekar, Murali M},
    journal = {Int J Eng},
    volume = {10},
    year = {2017},
}

@comment padrão visual e de animação para redes de petri
@article{article,
    author = {Bardohl, Roswitha and Ermel, Claudia},
    year = {2000},
    month = {12},
    pages = {},
    title = {Towards Visual Specification and Animation of Petri Net Based
             Models},
}

@comment ISO/IEC 15909
@online{iec2019,
    title = {Systems and software engineering — High-level Petri nets},
    author = {ISO},
    year = {2022},
    url = {https://www.iso.org/standard/67235.html},
}

@comment sistemas críticos a tempo
@article{ghezzi1991unified,
    title = {A unified high-level Petri net formalism for time-critical systems},
    author = {Ghezzi, Carlo and Mandrioli, Dino and Morasca, Sandro and Pezze,
              Mauro},
    journal = {IEEE Transactions on software engineering},
    volume = {17},
    number = {2},
    pages = {160},
    year = {1991},
    publisher = {IEEE Computer Society},
}

@comment sistemas críticos 
@article{1702225,
    author = {Leveson, N.G. and Stolzy, J.L.},
    journal = {IEEE Transactions on Software Engineering},
    title = {Safety Analysis Using Petri Nets},
    year = {1987},
    volume = {SE-13},
    number = {3},
    pages = {386-397},
    doi = {10.1109/TSE.1987.233170},
}

@comment ################################### Software ###################################

@comment TINA
@online{tina2022,
    title = {Tina},
    author = {LAAS, CNRS},
    year = {2022},
    url = {https://projects.laas.fr/tina/home.php},
}